<?xml version="1.0" encoding="UTF-8"?>
<record xmlns="http://www.loc.gov/MARC21/slim" xmlns:xsi="http://www.w3.org/2001/XMLSchema-instance" xsi:schemaLocation="http://www.loc.gov/MARC21/slim http://www.loc.gov/standards/marcxml/schema/MARC21slim.xsd">
<leader>00000cam a22      a 4500</leader>
<controlfield tag="001">001676979</controlfield>
<controlfield tag="003">NNU</controlfield>
<controlfield tag="005">20150326154753.0</controlfield>
<controlfield tag="008">951129s1956    iq       b    000 0bara d</controlfield>
<datafield tag="010" ind1=" " ind2=" ">
<subfield code="a">ne 66001081</subfield>
</datafield>
<datafield tag="035" ind1=" " ind2=" ">
<subfield code="a">(OCoLC)476964996</subfield>
</datafield>
<datafield tag="040" ind1=" " ind2=" ">
<subfield code="a">NjP</subfield>
<subfield code="b">eng</subfield>
<subfield code="c">N15</subfield>
<subfield code="d">ZCU</subfield>
<subfield code="d">OCLCF</subfield>
<subfield code="d">NNU</subfield>
</datafield>
<datafield tag="050" ind1=" " ind2="4">
<subfield code="a">BP193</subfield>
<subfield code="b">.A79 1956</subfield>
</datafield>
<datafield tag="100" ind1="1" ind2=" ">
<subfield code="6">880-01</subfield>
<subfield code="a">ʻAskarī, Murtaḍá.</subfield>
</datafield>
<datafield tag="245" ind1="1" ind2="0">
<subfield code="6">880-02</subfield>
<subfield code="a">ʻAbd Allāh ibn Sabaʼ, al-madkhal :</subfield>
<subfield code="b">baḥth wa-taḥqīq fīmā katabahu al-muʼarrikhūn wa-al-mustashriqūn ʻan Ibn Sabaʼ wa-qiṣaṣ Islāmīyah ukhrá mundhu al-qarn al-thānī al-Hijrī ḥattá al-yawm /</subfield>
<subfield code="c">taʼlīf Murtāḍá al-ʻAskarī.</subfield>
</datafield>
<datafield tag="260" ind1=" " ind2=" ">
<subfield code="6">880-03</subfield>
<subfield code="a">al-Najaf :</subfield>
<subfield code="b">al-Maṭbaʻah al-ʻIlmīyah,</subfield>
<subfield code="c">1956.</subfield>
</datafield>
<datafield tag="300" ind1=" " ind2=" ">
<subfield code="a">[3], 2, 182 p. ;</subfield>
<subfield code="c">25 cm.</subfield>
</datafield>
<datafield tag="500" ind1=" " ind2=" ">
<subfield code="a">Includes bibliographical references (p. 171-179).</subfield>
</datafield>
<datafield tag="504" ind1=" " ind2=" ">
<subfield code="a">Includes bibliographical references.</subfield>
</datafield>
<datafield tag="600" ind1="0" ind2="0">
<subfield code="a">ʻAbd Allāh ibn Sabaʼ,</subfield>
<subfield code="d">7th cent.</subfield>
<subfield code="6">880-04</subfield>
</datafield>
<datafield tag="600" ind1="0" ind2="7">
<subfield code="a">ʻAbd Allāh ibn Sabaʼ,</subfield>
<subfield code="d">active 7th century.</subfield>
<subfield code="2">fast</subfield>
<subfield code="0">(OCoLC)fst01860075</subfield>
</datafield>
<datafield tag="880" ind1="1" ind2=" ">
<subfield code="6">100-01/</subfield>
<subfield code="a">عسكري، مرتضى.</subfield>
</datafield>
<datafield tag="880" ind1="1" ind2="0">
<subfield code="6">245-02/</subfield>
<subfield code="a">عبد الله بن سبأ، المدخل :</subfield>
<subfield code="b">بحث وتحقيق فيما كتبه المؤرخون والمستشرقون عن ابن سبأ وقصص اسلامية اخرى منذ القرن الثاني الهجري حتى اليوم /</subfield>
<subfield code="c">تأليف مرتاضى العسكري.</subfield>
</datafield>
<datafield tag="880" ind1=" " ind2=" ">
<subfield code="6">260-03/</subfield>
<subfield code="a">النجف :</subfield>
<subfield code="b">المطبعة العلمية،</subfield>
<subfield code="c">1956.</subfield>
</datafield>
<datafield tag="880" ind1="0" ind2="4">
<subfield code="6">600-04/</subfield>
<subfield code="a">عبد الله بن سبأ.</subfield>
</datafield>
<datafield tag="OWN" ind1=" " ind2=" ">
<subfield code="a">GENERAL</subfield>
</datafield>
<datafield tag="AVA" ind1=" " ind2=" ">
<subfield code="a">NYU50</subfield>
<subfield code="b">BOBST</subfield>
<subfield code="c">Main Collection</subfield>
<subfield code="d">BP80.A186 A7 1956</subfield>
<subfield code="e">unavailable</subfield>
<subfield code="t">Unavailable</subfield>
<subfield code="f">1</subfield>
<subfield code="g">1</subfield>
<subfield code="h">N</subfield>
<subfield code="i">0</subfield>
<subfield code="j">MAIN</subfield>
<subfield code="k">0</subfield>
</datafield>
</record>
